<?xml version="1.0" encoding="UTF-8"?>
<marc:collection xmlns:marc="http://www.loc.gov/MARC21/slim" xmlns:xsi="http://www.w3.org/2001/XMLSchema-instance" xsi:schemaLocation="http://www.loc.gov/MARC21/slim http://www.loc.gov/standards/marcxml/schema/MARC21slim.xsd">
   <marc:record type="Bibliographic">
      <marc:leader>01248cam a2200313   4500</marc:leader>
      <marc:controlfield tag="001">470265</marc:controlfield>
      <marc:controlfield tag="003">NjP</marc:controlfield>
      <marc:controlfield tag="005">20120725124456.0</marc:controlfield>
      <marc:controlfield tag="008">881005q19601969sy c     b    00010barax </marc:controlfield>
      <marc:datafield tag="024" ind1="7" ind2=" ">
         <marc:subfield code="a">princeton_aco000539</marc:subfield>
         <marc:subfield code="2">local</marc:subfield>
      </marc:datafield>
      <marc:datafield tag="010" ind1=" " ind2=" ">
         <marc:subfield code="a">NE 68002924 </marc:subfield>
      </marc:datafield>
      <marc:datafield tag="035" ind1=" " ind2=" ">
         <marc:subfield code="a">(OCoLC)40556227</marc:subfield>
      </marc:datafield>
      <marc:datafield tag="035" ind1=" " ind2=" ">
         <marc:subfield code="a">(CStRLIN)NJPG88-B49169</marc:subfield>
      </marc:datafield>
      <marc:datafield tag="035" ind1=" " ind2=" ">
         <marc:subfield code="9">ACE5934TS</marc:subfield>
      </marc:datafield>
      <marc:datafield tag="040" ind1=" " ind2=" ">
         <marc:subfield code="c">NN</marc:subfield>
         <marc:subfield code="d">NN</marc:subfield>
         <marc:subfield code="d">NjP</marc:subfield>
      </marc:datafield>
      <marc:datafield tag="041" ind1="1" ind2=" ">
         <marc:subfield code="a">ara</marc:subfield>
         <marc:subfield code="h">fre</marc:subfield>
      </marc:datafield>
      <marc:datafield tag="050" ind1="0" ind2=" ">
         <marc:subfield code="a">PQ2613.A4162</marc:subfield>
         <marc:subfield code="b">A812</marc:subfield>
      </marc:datafield>
      <marc:datafield tag="100" ind1="1" ind2=" ">
         <marc:subfield code="a">Ganem, Chekri,</marc:subfield>
         <marc:subfield code="d">1861-1929.</marc:subfield>
      </marc:datafield>
      <marc:datafield tag="240" ind1="1" ind2="0">
         <marc:subfield code="a">Antar.</marc:subfield>
         <marc:subfield code="l">Arabic</marc:subfield>
      </marc:datafield>
      <marc:datafield tag="245" ind1="1" ind2="0">
         <marc:subfield code="a">ʻAntarah,</marc:subfield>
         <marc:subfield code="b">masraḥīyah dhāt khamsat fuṣūl,</marc:subfield>
         <marc:subfield code="c">taʾlīf Shukrī Ghānim. Tarjamat Ilyās Ghālī. Murājaʻat Ṣāliḥ al-Ashtar.</marc:subfield>
      </marc:datafield>
      <marc:datafield tag="260" ind1=" " ind2=" ">
         <marc:subfield code="a">[Dimashq]</marc:subfield>
         <marc:subfield code="b">al-Fann al-Ḥadīth al-ʻĀlamī</marc:subfield>
         <marc:subfield code="c">[196-?]</marc:subfield>
      </marc:datafield>
      <marc:datafield tag="300" ind1=" " ind2=" ">
         <marc:subfield code="a">147 p.</marc:subfield>
         <marc:subfield code="b">port.</marc:subfield>
         <marc:subfield code="c">20 cm.</marc:subfield>
      </marc:datafield>
      <marc:datafield tag="490" ind1="0" ind2=" ">
         <marc:subfield code="a">al-Silsilah al-masraḥīyah,</marc:subfield>
         <marc:subfield code="v">4</marc:subfield>
      </marc:datafield>
      <marc:datafield tag="500" ind1=" " ind2=" ">
         <marc:subfield code="a">At head of title: Wizārat al-Thaqāfah wa-al-Irshād al-Qawmī. Mudīrīyat al-Taʾlīf wa-al-Tarjamah.</marc:subfield>
      </marc:datafield>
      <marc:datafield tag="500" ind1=" " ind2=" ">
         <marc:subfield code="a">Translated from the French.</marc:subfield>
      </marc:datafield>
      <marc:datafield tag="504" ind1=" " ind2=" ">
         <marc:subfield code="a">Bibliographical footnotes.</marc:subfield>
      </marc:datafield>
      <marc:datafield tag="600" ind1="2" ind2="0">
         <marc:subfield code="a">ʻAntarah ibn Shaddād,</marc:subfield>
         <marc:subfield code="d">6th cent.</marc:subfield>
         <marc:subfield code="x">Drama.</marc:subfield>
      </marc:datafield>
      <marc:datafield tag="852" ind1="0" ind2=" ">
         <marc:subfield code="b">nec</marc:subfield>
         <marc:subfield code="h">PQ2613.A4162</marc:subfield>
         <marc:subfield code="i">A583124 1960z</marc:subfield>
         <marc:subfield code="p">511213</marc:subfield>
         <marc:subfield code="x">reclassed from: 2264.121.685812</marc:subfield>
      </marc:datafield>
      <marc:datafield tag="998" ind1=" " ind2=" ">
         <marc:subfield code="a">10/05/88</marc:subfield>
         <marc:subfield code="s">9115</marc:subfield>
         <marc:subfield code="n">NjP</marc:subfield>
         <marc:subfield code="w">NYPG002000751B</marc:subfield>
         <marc:subfield code="d">10/05/88</marc:subfield>
         <marc:subfield code="c">JCB</marc:subfield>
         <marc:subfield code="b">GWA</marc:subfield>
         <marc:subfield code="i">881005</marc:subfield>
         <marc:subfield code="l">NJPG</marc:subfield>
      </marc:datafield>
      <marc:datafield tag="911" ind1=" " ind2=" ">
         <marc:subfield code="a">19921028</marc:subfield>
      </marc:datafield>
      <marc:datafield tag="912" ind1=" " ind2=" ">
         <marc:subfield code="a">19900828000000.0</marc:subfield>
      </marc:datafield>
   </marc:record>
</marc:collection>
